@book{Knuth,
 author = {Knuth, Donald E.},
 title = {The Art of Computer Programming, Volume 1 (3rd Ed.): Fundamental Algorithms},
 year = {1997},
 isbn = {0-201-89683-4},
 publisher = {Addison Wesley Longman Publishing Co., Inc.},
 address = {Redwood City, CA, USA},
}  

@inproceedings{KruegelVigna,
 author = {Kruegel, Christopher and Vigna, Giovanni},
 title = {Anomaly Detection of Web-based Attacks},
 booktitle = {Proceedings of the 10th ACM Conference on Computer and Communications Security},
 series = {CCS '03},
 year = {2003},
 isbn = {1-58113-738-9},
 pages = {251--261},
 acmid = {948144},
 publisher = {ACM},
 address = {New York, NY, USA}
}

@TechReport{Gallagher,
  title={Classification of HTTP Attacks: A Study on the ECML/PKDD 2007 Discovery Challenge},
  author={Brian Gallagher},
  institution =  {Lawrence Livermore National Laboratory},
  year = 	 {2009},
  number = 	 {LLNL-TR-414570},
  month = 	 {July}
}

@INPROCEEDINGS{Cavnar94n-gram-basedtext,
    author = {William B. Cavnar and John M. Trenkle},
    title = {N-Gram-Based Text Categorization},
    booktitle = {In Proceedings of SDAIR-94, 3rd Annual Symposium on Document Analysis and Information Retrieval},
    year = {1994},
    pages = {161--175}
}

@article{torrano2010anomaly,
  title={An anomaly-based approach for intrusion detection in web traffic},
  author={Torrano-Gimenez, Carmen and Perez-Villegas, Alejandro and Mara{\~n}{\'o}n, G {\'A}lvarez and others},
  journal={Journal of Information Assurance and Security},
  volume={5},
  number={4},
  pages={446--454},
  year={2010}
}

@article{forristal1998,
  title={NT Web Technology Vulnerabilities},
  author={Jeff Forristal (signing as rain.forest.puppy)},
  journal={Phrack Magazine},
  volume={8},
  number={54},
  year={1998},
  month={December}
}

@inproceedings{wang2004anomalous,
  title={Anomalous payload-based network intrusion detection},
  author={Wang, Ke and Stolfo, Salvatore J},
  booktitle={International Workshop on Recent Advances in Intrusion Detection},
  pages={203--222},
  year={2004},
  organization={Springer}
}

@inproceedings{kruegel2003anomaly,
  title={Anomaly detection of web-based attacks},
  author={Kruegel, Christopher and Vigna, Giovanni},
  booktitle={Proceedings of the 10th ACM conference on Computer and communications security},
  pages={251--261},
  year={2003},
  organization={ACM}
}

@inproceedings{wang2006anagram,
  title={Anagram: A content anomaly detector resistant to mimicry attack},
  author={Wang, Ke and Parekh, Janak J and Stolfo, Salvatore J},
  booktitle={International Workshop on Recent Advances in Intrusion Detection},
  pages={226--248},
  year={2006},
  organization={Springer}
}

@Misc{OWASPTop10,
  author = 	 {Dave Wichers},
  title = 	 {OWASP Top Ten Project},
  howpublished = {\url{https://www.owasp.org/index.php/Category:OWASP_Top_Ten_Project}},
  year = 	 {2017}
}

@Misc{wafngram,
  author = 	 {Eduardo Giménez},
  title = 	 {Wafngram source code},
  howpublished = {\url{https://github.com/eduardogimenez/wafngram}}
}

@book{ModSecurity,
 author = {Ristic, Ivan},
 title = {ModSecurity Handbook},
 year = {2010},
 isbn = {1907117024, 9781907117022},
 publisher = {Feisty Duck},
 address = {United Kingdom}
}

@Misc{ModsecurityFalseRate,
  author = 	 { Christian Folini},
  title = 	 {Handling False Positives with the OWASP ModSecurity Core Rule Set},
  howpublished = {\url{https://www.netnea.com/cms/apache-tutorial-8_handling-false-positives-modsecurity-core-rule-set/}},
  year = 	 {2016}
}

@Misc{CISC2010Dataset,
  author = 	 {Carmen Torrano Giménez, Alejandro Pérez Villegas, Gonzalo Álvarez Marañón},
  title = 	 {CISC2010 Dataset},
  howpublished = {\url{http://www.isi.csic.es/dataset/}},
  month = 	 {January},
  year = 	 {2012}
}


